"Count","Tradelist Count","Name","Edition","Condition","Language","Foil","Tags","Last Modified","Collector Number","Alter","Proxy","Purchase Price"
"3","3","Bakersbane Duo","blb","Near Mint","French","","","2024-08-28 18:56:58.900000","163","False","False",""
"2","2","Barkform Harvester","blb","Near Mint","French","","","2024-08-28 17:37:50.613000","243","False","False",""
"2","2","Bark-Knuckle Boxer","blb","Near Mint","French","","","2024-08-28 18:55:57.943000","164","False","False",""
"1","1","Bonebind Orator","blb","Near Mint","French","","","2024-08-28 19:29:23.077000","84","False","False",""
"1","1","Bonecache Overseer","blb","Near Mint","French","","","2024-08-28 19:31:22.670000","85","False","False",""
"1","1","Bumbleflower's Sharepot","blb","Near Mint","French","","","2024-08-28 17:36:41.007000","244","False","False",""
"1","1","Burrowguard Mentor","blb","Near Mint","French","","","2024-08-28 18:34:03.657000","206","False","False",""
"1","1","Cindering Cutthroat","blb","Near Mint","French","","","2024-08-28 18:31:16.817000","208","False","False",""
"1","1","Clement, the Worrywort","blb","Near Mint","French","foil","","2024-08-28 17:40:50.407000","329","False","False",""
"1","1","Clement, the Worrywort","blb","Near Mint","French","","","2024-08-28 18:31:27.877000","209","False","False",""
"1","1","Clifftop Lookout","blb","Near Mint","French","","","2024-08-28 18:59:16.083000","168","False","False",""
"1","1","Clifftop Lookout","blb","Near Mint","French","foil","","2024-08-28 18:59:05.250000","168","False","False",""
"1","1","Daggerfang Duo","blb","Near Mint","French","foil","","2024-08-28 19:26:18.237000","89","False","False",""
"3","3","Daggerfang Duo","blb","Near Mint","French","","","2024-08-28 19:26:32.370000","89","False","False",""
"3","3","Diresight","blb","Near Mint","French","","","2024-08-28 19:27:02.263000","91","False","False",""
"4","4","Druid of the Spade","blb","Near Mint","French","","","2024-08-28 18:54:35.450000","170","False","False",""
"1","1","Early Winter","blb","Near Mint","French","","","2024-08-28 19:30:32.300000","93","False","False",""
"1","1","Fabled Passage","blb","Near Mint","French","","","2024-08-28 17:36:26.877000","252","False","False",""
"1","1","Fecund Greenshell","blb","Near Mint","French","","","2024-08-28 19:16:19.293000","171","False","False",""
"1","1","Feed the Cycle","blb","Near Mint","French","","","2024-08-28 19:30:18.817000","94","False","False",""
"1","1","Fell","blb","Near Mint","French","","","2024-08-28 19:28:47.140000","95","False","False",""
"1","1","Forest","blb","Near Mint","French","","","2024-08-28 19:19:13.077000","377","False","False",""
"1","1","Forest","blb","Near Mint","French","foil","","2024-08-28 19:18:59.517000","378","False","False",""
"1","1","Forest","blb","Near Mint","French","","","2024-08-28 19:18:45.210000","280","False","False",""
"1","1","Forest","blb","Near Mint","French","","","2024-08-28 19:18:35.740000","281","False","False",""
"1","1","Forest","blb","Near Mint","English","","","2024-08-28 19:18:20.963000","278","False","False",""
"1","1","Forest","blb","Near Mint","French","","","2024-08-28 19:18:12.760000","278","False","False",""
"1","1","Forest","blb","Near Mint","French","","","2024-08-28 19:18:01.647000","279","False","False",""
"2","2","Forest","blb","Near Mint","French","foil","","2024-08-28 19:17:39.827000","279","False","False",""
"1","1","Fountainport","blb","Near Mint","French","","","2024-08-28 17:36:13.833000","253","False","False",""
"3","3","Fountainport Bell","blb","Near Mint","French","","","2024-08-28 17:39:06.213000","245","False","False",""
"1","1","Galewind Moose","blb","Near Mint","French","","","2024-08-28 19:16:32.527000","173","False","False",""
"1","1","Glidedive Duo","blb","Near Mint","French","","","2024-08-28 19:29:39.240000","96","False","False",""
"1","1","Hazardroot Herbalist","blb","Near Mint","French","","","2024-08-28 19:16:05.153000","174","False","False",""
"1","1","Head of the Homestead","blb","Near Mint","French","","","2024-08-28 17:41:20.997000","216","False","False",""
"2","2","Heaped Harvest","blb","Near Mint","French","","","2024-08-28 18:59:34.257000","175","False","False",""
"2","2","Heirloom Epic","blb","Near Mint","French","","","2024-08-28 17:38:15.500000","246","False","False",""
"2","2","Hidden Grotto","blb","Near Mint","French","","","2024-08-28 17:37:14.803000","254","False","False",""
"3","3","High Stride","blb","Near Mint","French","","","2024-08-28 18:56:17.913000","176","False","False",""
"1","1","Huskburster Swarm","blb","Near Mint","French","","","2024-08-28 19:30:05.673000","98","False","False",""
"2","2","Junkblade Bruiser","blb","Near Mint","French","","","2024-08-28 17:43:13.093000","220","False","False",""
"1","1","Kastral, the Windcrested","blb","Near Mint","French","","","2024-08-28 17:42:19.617000","221","False","False",""
"1","1","Lilysplash Mentor","blb","Near Mint","French","","","2024-08-28 18:30:04.823000","222","False","False",""
"1","1","Longstalk Brawl","blb","Near Mint","French","","","2024-08-28 18:58:44.780000","182","False","False",""
"1","1","Lumra, Bellow of the Woods","blb","Near Mint","French","foil","","2024-08-28 18:53:49.360000","183","False","False",""
"1","1","Lunar Convocation","blb","Near Mint","French","","","2024-08-28 18:30:20.937000","223","False","False",""
"1","1","Moonrise Cleric","blb","Near Mint","French","foil","","2024-08-28 18:34:35.627000","226","False","False",""
"2","2","Mudflat Village","blb","Near Mint","French","","","2024-08-28 19:33:23.503000","257","False","False",""
"1","1","Patchwork Banner","blb","Near Mint","French","","","2024-08-28 17:36:53.400000","247","False","False",""
"1","1","Pawpatch Formation","blb","Near Mint","French","","","2024-08-28 19:15:42.437000","186","False","False",""
"2","2","Peerless Recycling","blb","Near Mint","French","","","2024-08-28 18:55:35.940000","188","False","False",""
"2","2","Persistent Marshstalker","blb","Near Mint","French","","","2024-08-28 19:27:27.277000","104","False","False",""
"2","2","Plumecreed Mentor","blb","Near Mint","French","","","2024-08-28 17:42:40.340000","228","False","False",""
"2","2","Polliwallop","blb","Near Mint","French","","","2024-08-28 18:55:11.363000","189","False","False",""
"2","2","Pond Prophet","blb","Near Mint","French","","","2024-08-28 18:33:44.263000","229","False","False",""
"1","1","Psychic Whorl","blb","Near Mint","French","","","2024-08-28 19:31:48.170000","105","False","False",""
"1","1","Ral, Crackling Wit","blb","Near Mint","French","","","2024-08-28 17:40:30.667000","230","False","False",""
"1","1","Ravine Raider","blb","Near Mint","French","","","2024-08-28 19:29:11.630000","106","False","False",""
"3","3","Rust-Shield Rampager","blb","Near Mint","French","","","2024-08-28 18:56:34.720000","190","False","False",""
"2","2","Ruthless Negotiation","blb","Near Mint","French","","","2024-08-28 19:27:47.017000","108","False","False",""
"2","2","Savor","blb","Near Mint","French","","","2024-08-28 19:28:21.910000","109","False","False",""
"1","1","Scales of Shale","blb","Near Mint","French","","","2024-08-28 19:31:12.653000","110","False","False",""
"1","1","Season of Gathering","blb","Near Mint","French","foil","","2024-08-28 18:54:09.827000","192","False","False",""
"1","1","Seedglaive Mentor","blb","Near Mint","French","","","2024-08-28 18:33:30.273000","231","False","False",""
"3","3","Seedpod Squire","blb","Near Mint","French","","","2024-08-28 17:43:31.697000","232","False","False",""
"1","1","Sinister Monolith","blb","Near Mint","French","foil","","2024-08-28 19:29:53.317000","113","False","False",""
"2","2","Starforged Sword","blb","Near Mint","French","","","2024-08-28 17:38:33.340000","249","False","False",""
"1","1","Stargaze","blb","Near Mint","French","","","2024-08-28 19:31:37.477000","114","False","False",""
"1","1","Starlit Soothsayer","blb","Near Mint","French","","","2024-08-28 19:29:01.343000","115","False","False",""
"1","1","Stickytongue Sentinel","blb","Near Mint","French","","","2024-08-28 19:15:52.257000","193","False","False",""
"1","1","Stormcatch Mentor","blb","Near Mint","French","","","2024-08-28 18:31:03.070000","234","False","False",""
"1","1","Sunshower Druid","blb","Near Mint","French","foil","","2024-08-28 18:57:35.243000","195","False","False",""
"2","2","Sunshower Druid","blb","Near Mint","French","","","2024-08-28 18:58:09.387000","195","False","False",""
"2","2","Swamp","blb","Near Mint","French","","","2024-08-28 19:33:39.483000","272","False","False",""
"1","1","Swamp","blb","Near Mint","French","","","2024-08-28 19:34:32.620000","273","False","False",""
"1","1","Swamp","blb","Near Mint","French","","","2024-08-28 19:33:58.580000","271","False","False",""
"1","1","Swamp","blb","Near Mint","French","foil","","2024-08-28 19:35:04.137000","373","False","False",""
"1","1","Swamp","blb","Near Mint","French","foil","","2024-08-28 19:34:50.767000","374","False","False",""
"1","1","Swamp","blb","Near Mint","French","foil","","2024-08-28 19:34:18.203000","271","False","False",""
"4","4","Swamp","blb","Near Mint","French","","","2024-08-28 19:33:01.533000","270","False","False",""
"2","2","Tangle Tumbler","blb","Near Mint","French","","","2024-08-28 17:37:33.887000","250","False","False",""
"2","2","Thornplate Intimidator","blb","Near Mint","French","","","2024-08-28 19:28:00.843000","117","False","False",""
"1","1","Thought-Stalker Warlock","blb","Near Mint","French","","","2024-08-28 19:30:45.527000","118","False","False",""
"2","2","Three Tree Mascot","blb","Near Mint","French","","","2024-08-28 17:38:50.133000","251","False","False",""
"5","5","Three Tree Rootweaver","blb","Near Mint","French","","","2024-08-28 18:53:34.493000","198","False","False",""
"2","2","Treeguard Duo","blb","Near Mint","French","","","2024-08-28 18:58:25.680000","200","False","False",""
"1","1","Treetop Sentries","blb","Near Mint","French","","","2024-08-28 19:16:53.880000","201","False","False",""
"2","2","Uncharted Haven","blb","Near Mint","French","","","2024-08-28 17:39:23.940000","261","False","False",""
"1","1","Uncharted Haven","blb","Near Mint","French","foil","","2024-08-28 17:39:44.807000","261","False","False",""
"1","1","Valley Mightcaller","blb","Near Mint","French","","","2024-08-28 19:16:44.203000","202","False","False",""
"3","3","Veteran Guardmouse","blb","Near Mint","French","","","2024-08-28 17:44:23.773000","237","False","False",""
"1","1","Vinereap Mentor","blb","Near Mint","French","","","2024-08-28 18:34:20.940000","238","False","False",""
"1","1","Wandertale Mentor","blb","Near Mint","French","","","2024-08-28 17:41:09.300000","240","False","False",""
